
@article{Leauthaud07,
	Adsnote = {Provided by the SAO/NASA Astrophysics Data System},
	Adsurl = {http://adsabs.harvard.edu/abs/2007ApJS..172..219L},
	Author = {{Leauthaud}, A. and {Massey}, R. and {Kneib}, J.-P. and {Rhodes}, J. and {Johnston}, D.~E. and {Capak}, P. and {Heymans}, C. and {Ellis}, R.~S. and {Koekemoer}, A.~M. and {Le F{\`e}vre}, O. and {Mellier}, Y. and {R{\'e}fr{\'e}gier}, A. and {Robin}, A.~C. and {Scoville}, N. and {Tasca}, L. and {Taylor}, J.~E. and {Van Waerbeke}, L.},
	Date-Added = {2017-06-05 21:25:51 +0000},
	Date-Modified = {2017-06-05 21:25:52 +0000},
	Doi = {10.1086/516598},
	Eprint = {astro-ph/0702359},
	Journal = {\apjs},
	Keywords = {Cosmology: Observations, Cosmology: Gravitational Lensing, Cosmology: Large-Scale Structure of Universe},
	Month = sep,
	Pages = {219-238},
	Title = {{Weak Gravitational Lensing with COSMOS: Galaxy Selection and Shape Measurements}},
	Volume = 172,
	Year = 2007,
	Bdsk-File-1 = {YnBsaXN0MDDUAQIDBAUGJCVYJHZlcnNpb25YJG9iamVjdHNZJGFyY2hpdmVyVCR0b3ASAAGGoKgHCBMUFRYaIVUkbnVsbNMJCgsMDxJXTlMua2V5c1pOUy5vYmplY3RzViRjbGFzc6INDoACgAOiEBGABIAFgAdccmVsYXRpdmVQYXRoWWFsaWFzRGF0YV8QGS4uL1BhcGVycy9MZWF1dGhhdWQwNy5wZGbSFwsYGVdOUy5kYXRhTxEBnAAAAAABnAACAAAMTWFjaW50b3NoIEhEAAAAAAAAAAAAAAAAAAAA0VLbfEgrAAAAH5vVD0xlYXV0aGF1ZDA3LnBkZgAAAAAAAAAAAAAAAAAAAAAAAAAAAAAAAAAAAAAAAAAAAAAAAAAAAAAAAAAAAAAAAAEwxR/VWzalAAAAAAAAAAAAAQACAAAJIAAAAAAAAAAAAAAAAAAAAAZQYXBlcnMAEAAIAADRUyHMAAAAEQAIAADVW3z1AAAAAQAQAB+b1QAJiqIACYqhAAKYNwACAENNYWNpbnRvc2ggSEQ6VXNlcnM6AGFkYW1hbWlsbGVyOgBEb2N1bWVudHM6AFBhcGVyczoATGVhdXRoYXVkMDcucGRmAAAOACAADwBMAGUAYQB1AHQAaABhAHUAZAAwADcALgBwAGQAZgAPABoADABNAGEAYwBpAG4AdABvAHMAaAAgAEgARAASADJVc2Vycy9hZGFtYW1pbGxlci9Eb2N1bWVudHMvUGFwZXJzL0xlYXV0aGF1ZDA3LnBkZgATAAEvAAAVAAIAEv//AACABtIbHB0eWiRjbGFzc25hbWVYJGNsYXNzZXNdTlNNdXRhYmxlRGF0YaMdHyBWTlNEYXRhWE5TT2JqZWN00hscIiNcTlNEaWN0aW9uYXJ5oiIgXxAPTlNLZXllZEFyY2hpdmVy0SYnVHJvb3SAAQAIABEAGgAjAC0AMgA3AEAARgBNAFUAYABnAGoAbABuAHEAcwB1AHcAhACOAKoArwC3AlcCWQJeAmkCcgKAAoQCiwKUApkCpgKpArsCvgLDAAAAAAAAAgEAAAAAAAAAKAAAAAAAAAAAAAAAAAAAAsU=},
	Bdsk-Url-1 = {http://dx.doi.org/10.1086/516598}}

@inproceedings{Lupton01,
	Adsnote = {Provided by the SAO/NASA Astrophysics Data System},
	Adsurl = {http://adsabs.harvard.edu/abs/2001ASPC..238..269L},
	Author = {{Lupton}, R. and {Gunn}, J.~E. and {Ivezi{\'c}}, Z. and {Knapp}, G.~R. and {Kent}, S.},
	Booktitle = {Astronomical Data Analysis Software and Systems X},
	Date-Added = {2015-09-11 21:05:01 +0000},
	Date-Modified = {2015-09-11 21:05:01 +0000},
	Editor = {{Harnden}, Jr., F.~R. and {Primini}, F.~A. and {Payne}, H.~E.},
	Eprint = {astro-ph/0101420},
	Pages = {269},
	Series = {Astronomical Society of the Pacific Conference Series},
	Title = {{The SDSS Imaging Pipelines}},
	Volume = 238,
	Year = 2001,
	Bdsk-File-1 = {YnBsaXN0MDDUAQIDBAUGJCVYJHZlcnNpb25YJG9iamVjdHNZJGFyY2hpdmVyVCR0b3ASAAGGoKgHCBMUFRYaIVUkbnVsbNMJCgsMDxJXTlMua2V5c1pOUy5vYmplY3RzViRjbGFzc6INDoACgAOiEBGABIAFgAdccmVsYXRpdmVQYXRoWWFsaWFzRGF0YV8QFi4uL1BhcGVycy9MdXB0b24wMS5wZGbSFwsYGVdOUy5kYXRhTxEBkAAAAAABkAACAAAMTWFjaW50b3NoIEhEAAAAAAAAAAAAAAAAAAAA0VLbfEgrAAAAH5vVDEx1cHRvbjAxLnBkZgAAAAAAAAAAAAAAAAAAAAAAAAAAAAAAAAAAAAAAAAAAAAAAAAAAAAAAAAAAAAAAAAAAAABHVZjSGKw5AAAAAAAAAAAAAQACAAAJIAAAAAAAAAAAAAAAAAAAAAZQYXBlcnMAEAAIAADRUyHMAAAAEQAIAADSGPKJAAAAAQAQAB+b1QAJiqIACYqhAAKYNwACAEBNYWNpbnRvc2ggSEQ6VXNlcnM6AGFkYW1hbWlsbGVyOgBEb2N1bWVudHM6AFBhcGVyczoATHVwdG9uMDEucGRmAA4AGgAMAEwAdQBwAHQAbwBuADAAMQAuAHAAZABmAA8AGgAMAE0AYQBjAGkAbgB0AG8AcwBoACAASABEABIAL1VzZXJzL2FkYW1hbWlsbGVyL0RvY3VtZW50cy9QYXBlcnMvTHVwdG9uMDEucGRmAAATAAEvAAAVAAIAEv//AACABtIbHB0eWiRjbGFzc25hbWVYJGNsYXNzZXNdTlNNdXRhYmxlRGF0YaMdHyBWTlNEYXRhWE5TT2JqZWN00hscIiNcTlNEaWN0aW9uYXJ5oiIgXxAPTlNLZXllZEFyY2hpdmVy0SYnVHJvb3SAAQAIABEAGgAjAC0AMgA3AEAARgBNAFUAYABnAGoAbABuAHEAcwB1AHcAhACOAKcArAC0AkgCSgJPAloCYwJxAnUCfAKFAooClwKaAqwCrwK0AAAAAAAAAgEAAAAAAAAAKAAAAAAAAAAAAAAAAAAAArY=}}

@article{Sersic63,
	Adsnote = {Provided by the SAO/NASA Astrophysics Data System},
	Adsurl = {http://adsabs.harvard.edu/abs/1963BAAA....6...41S},
	Author = {{S{\'e}rsic}, J.~L.},
	Date-Added = {2018-02-26 17:04:04 +0000},
	Date-Modified = {2018-02-26 17:04:05 +0000},
	Journal = {Boletin de la Asociacion Argentina de Astronomia La Plata Argentina},
	Pages = {41},
	Title = {{Influence of the atmospheric and instrumental dispersion on the brightness distribution in a galaxy}},
	Volume = 6,
	Year = 1963}

@article{Kron80,
	Adsnote = {Provided by the SAO/NASA Astrophysics Data System},
	Adsurl = {http://adsabs.harvard.edu/abs/1980ApJS...43..305K},
	Author = {{Kron}, R.~G.},
	Date-Added = {2018-02-26 17:01:18 +0000},
	Date-Modified = {2018-02-26 17:01:20 +0000},
	Doi = {10.1086/190669},
	Journal = {\apjs},
	Keywords = {Astronomical Photometry, Galactic Radiation, Galaxies, Star Distribution, Calibrating, Colorimetry, Distribution Functions, Galactic Evolution, Luminous Intensity, Tables (Data)},
	Month = jun,
	Pages = {305-325},
	Title = {{Photometry of a complete sample of faint galaxies}},
	Volume = 43,
	Year = 1980,
	Bdsk-Url-1 = {http://dx.doi.org/10.1086/190669}}

@article{Flewelling16,
	Adsnote = {Provided by the SAO/NASA Astrophysics Data System},
	Adsurl = {http://adsabs.harvard.edu/abs/2016arXiv161205243F},
	Archiveprefix = {arXiv},
	Author = {{Flewelling}, H.~A. and {Magnier}, E.~A. and {Chambers}, K.~C. and {Heasley}, J.~N. and {Holmberg}, C. and {Huber}, M.~E. and {Sweeney}, W. and {Waters}, C.~Z. and {Chen}, X. and {Farrow}, D. and {Hasinger}, G. and {Henderson}, R. and {Long}, K.~S. and {Metcalfe}, N. and {Nieto-Santisteban}, M.~A. and {Norberg}, P. and {Saglia}, R.~P. and {Szalay}, A. and {Rest}, A. and {Thakar}, A.~R. and {Tonry}, J.~L. and {Valenti}, J. and {Werner}, S. and {White}, R. and {Denneau}, L. and {Draper}, P.~W. and {Hodapp}, K.~W. and {Jedicke}, R. and {Kaiser}, N. and {Kudritzki}, R.-P. and {Price}, P.~A. and {Wainscoat}, R.~J. and {Chastel}, S. and {McClean}, B. and {Postman}, M. and {Shiao}, B.},
	Date-Added = {2018-02-26 16:51:03 +0000},
	Date-Modified = {2018-02-26 16:51:04 +0000},
	Eprint = {1612.05243},
	Journal = {ArXiv e-prints},
	Keywords = {Astrophysics - Instrumentation and Methods for Astrophysics},
	Month = dec,
	Primaryclass = {astro-ph.IM},
	Title = {{The Pan-STARRS1 Database and Data Products}},
	Year = 2016,
	Bdsk-File-1 = {YnBsaXN0MDDUAQIDBAUGJCVYJHZlcnNpb25YJG9iamVjdHNZJGFyY2hpdmVyVCR0b3ASAAGGoKgHCBMUFRYaIVUkbnVsbNMJCgsMDxJXTlMua2V5c1pOUy5vYmplY3RzViRjbGFzc6INDoACgAOiEBGABIAFgAdccmVsYXRpdmVQYXRoWWFsaWFzRGF0YV8QGi4uL1BhcGVycy9GbGV3ZWxsaW5nMTYucGRm0hcLGBlXTlMuZGF0YU8RAaAAAAAAAaAAAgAADE1hY2ludG9zaCBIRAAAAAAAAAAAAAAAAAAAANFS23xIKwAAAB+b1RBGbGV3ZWxsaW5nMTYucGRmAAAAAAAAAAAAAAAAAAAAAAAAAAAAAAAAAAAAAAAAAAAAAAAAAAAAAAAAAAAAAAABviEV1rmXRAAAAAAAAAAAAAEAAgAACSAAAAAAAAAAAAAAAAAAAAAGUGFwZXJzABAACAAA0VMhzAAAABEACAAA1rnrpAAAAAEAEAAfm9UACYqiAAmKoQACmDcAAgBETWFjaW50b3NoIEhEOlVzZXJzOgBhZGFtYW1pbGxlcjoARG9jdW1lbnRzOgBQYXBlcnM6AEZsZXdlbGxpbmcxNi5wZGYADgAiABAARgBsAGUAdwBlAGwAbABpAG4AZwAxADYALgBwAGQAZgAPABoADABNAGEAYwBpAG4AdABvAHMAaAAgAEgARAASADNVc2Vycy9hZGFtYW1pbGxlci9Eb2N1bWVudHMvUGFwZXJzL0ZsZXdlbGxpbmcxNi5wZGYAABMAAS8AABUAAgAS//8AAIAG0hscHR5aJGNsYXNzbmFtZVgkY2xhc3Nlc11OU011dGFibGVEYXRhox0fIFZOU0RhdGFYTlNPYmplY3TSGxwiI1xOU0RpY3Rpb25hcnmiIiBfEA9OU0tleWVkQXJjaGl2ZXLRJidUcm9vdIABAAgAEQAaACMALQAyADcAQABGAE0AVQBgAGcAagBsAG4AcQBzAHUAdwCEAI4AqwCwALgCXAJeAmMCbgJ3AoUCiQKQApkCngKrAq4CwALDAsgAAAAAAAACAQAAAAAAAAAoAAAAAAAAAAAAAAAAAAACyg==}}

@article{Miller17,
	Adsnote = {Provided by the SAO/NASA Astrophysics Data System},
	Adsurl = {http://adsabs.harvard.edu/abs/2017AJ....153...73M},
	Author = {{Miller}, A.~A. and {Kulkarni}, M.~K. and {Cao}, Y. and {Laher}, R.~R. and {Masci}, F.~J. and {Surace}, J.~A.},
	Date-Added = {2017-02-02 20:00:58 +0000},
	Date-Modified = {2017-02-02 20:00:58 +0000},
	Doi = {10.3847/1538-3881/153/2/73},
	Eid = {73},
	Journal = {\aj},
	Keywords = {catalogs, galaxies: statistics, methods: data analysis, methods: statistical, stars: statistics, surveys},
	Month = feb,
	Pages = {73},
	Title = {{Preparing for Advanced LIGO: A Star{\ndash}Galaxy Separation Catalog for the Palomar Transient Factory}},
	Volume = 153,
	Year = 2017,
	Bdsk-File-1 = {YnBsaXN0MDDUAQIDBAUGJCVYJHZlcnNpb25YJG9iamVjdHNZJGFyY2hpdmVyVCR0b3ASAAGGoKgHCBMUFRYaIVUkbnVsbNMJCgsMDxJXTlMua2V5c1pOUy5vYmplY3RzViRjbGFzc6INDoACgAOiEBGABIAFgAdccmVsYXRpdmVQYXRoWWFsaWFzRGF0YV8QFi4uL1BhcGVycy9NaWxsZXIxNy5wZGbSFwsYGVdOUy5kYXRhTxEBkAAAAAABkAACAAAMTWFjaW50b3NoIEhEAAAAAAAAAAAAAAAAAAAA0VLbfEgrAAAAH5vVDE1pbGxlcjE3LnBkZgAAAAAAAAAAAAAAAAAAAAAAAAAAAAAAAAAAAAAAAAAAAAAAAAAAAAAAAAAAAAAAAAAAAAD6OFfUuOwqAAAAAAAAAAAAAQACAAAJIAAAAAAAAAAAAAAAAAAAAAZQYXBlcnMAEAAIAADRUyHMAAAAEQAIAADUuUCKAAAAAQAQAB+b1QAJiqIACYqhAAKYNwACAEBNYWNpbnRvc2ggSEQ6VXNlcnM6AGFkYW1hbWlsbGVyOgBEb2N1bWVudHM6AFBhcGVyczoATWlsbGVyMTcucGRmAA4AGgAMAE0AaQBsAGwAZQByADEANwAuAHAAZABmAA8AGgAMAE0AYQBjAGkAbgB0AG8AcwBoACAASABEABIAL1VzZXJzL2FkYW1hbWlsbGVyL0RvY3VtZW50cy9QYXBlcnMvTWlsbGVyMTcucGRmAAATAAEvAAAVAAIAEv//AACABtIbHB0eWiRjbGFzc25hbWVYJGNsYXNzZXNdTlNNdXRhYmxlRGF0YaMdHyBWTlNEYXRhWE5TT2JqZWN00hscIiNcTlNEaWN0aW9uYXJ5oiIgXxAPTlNLZXllZEFyY2hpdmVy0SYnVHJvb3SAAQAIABEAGgAjAC0AMgA3AEAARgBNAFUAYABnAGoAbABuAHEAcwB1AHcAhACOAKcArAC0AkgCSgJPAloCYwJxAnUCfAKFAooClwKaAqwCrwK0AAAAAAAAAgEAAAAAAAAAKAAAAAAAAAAAAAAAAAAAArY=},
	Bdsk-Url-1 = {http://dx.doi.org/10.3847/1538-3881/153/2/73}}

@article{Astropy-Collaboration13,
	Adsnote = {Provided by the SAO/NASA Astrophysics Data System},
	Adsurl = {http://adsabs.harvard.edu/abs/2013A%26A...558A..33A},
	Archiveprefix = {arXiv},
	Author = {{Astropy Collaboration} and {Robitaille}, T.~P. and {Tollerud}, E.~J. and {Greenfield}, P. and {Droettboom}, M. and {Bray}, E. and {Aldcroft}, T. and {Davis}, M. and {Ginsburg}, A. and {Price-Whelan}, A.~M. and {Kerzendorf}, W.~E. and {Conley}, A. and {Crighton}, N. and {Barbary}, K. and {Muna}, D. and {Ferguson}, H. and {Grollier}, F. and {Parikh}, M.~M. and {Nair}, P.~H. and {Unther}, H.~M. and {Deil}, C. and {Woillez}, J. and {Conseil}, S. and {Kramer}, R. and {Turner}, J.~E.~H. and {Singer}, L. and {Fox}, R. and {Weaver}, B.~A. and {Zabalza}, V. and {Edwards}, Z.~I. and {Azalee Bostroem}, K. and {Burke}, D.~J. and {Casey}, A.~R. and {Crawford}, S.~M. and {Dencheva}, N. and {Ely}, J. and {Jenness}, T. and {Labrie}, K. and {Lim}, P.~L. and {Pierfederici}, F. and {Pontzen}, A. and {Ptak}, A. and {Refsdal}, B. and {Servillat}, M. and {Streicher}, O.},
	Date-Added = {2018-02-05 21:13:01 +0000},
	Date-Modified = {2018-02-05 21:13:02 +0000},
	Doi = {10.1051/0004-6361/201322068},
	Eid = {A33},
	Eprint = {1307.6212},
	Journal = {\aap},
	Keywords = {methods: data analysis, methods: miscellaneous, virtual observatory tools},
	Month = oct,
	Pages = {A33},
	Primaryclass = {astro-ph.IM},
	Title = {{Astropy: A community Python package for astronomy}},
	Volume = 558,
	Year = 2013,
	Bdsk-Url-1 = {http://dx.doi.org/10.1051/0004-6361/201322068}}
